[gd_scene load_steps=18 format=2]

[ext_resource path="res://Assets/Player/Umbrelladude.png" type="Texture" id=1]
[ext_resource path="res://Assets/Env/City Foreground/Foreground.PNG" type="Texture" id=2]
[ext_resource path="res://Assets/Env/City Foreground/Ground.PNG" type="Texture" id=3]
[ext_resource path="res://Assets/Env/City Foreground/Background.PNG" type="Texture" id=4]
[ext_resource path="res://Assets/Font/Simple.tres" type="DynamicFont" id=5]
[ext_resource path="res://Assets/Font/Outlined.tres" type="DynamicFont" id=6]
[ext_resource path="res://Scripts/Player.gd" type="Script" id=7]
[ext_resource path="res://Assets/Music/high score octopus.ogg" type="AudioStream" id=8]
[ext_resource path="res://Assets/Music/04_start5.wav" type="AudioStream" id=9]
[ext_resource path="res://Scenes/Rain.tscn" type="PackedScene" id=10]

[sub_resource type="AtlasTexture" id=1]
atlas = ExtResource( 1 )
region = Rect2( 0, 0, 32, 32 )

[sub_resource type="AtlasTexture" id=2]
atlas = ExtResource( 1 )
region = Rect2( 32, 0, 32, 32 )

[sub_resource type="AtlasTexture" id=3]
atlas = ExtResource( 1 )
region = Rect2( 0, 32, 32, 32 )

[sub_resource type="AtlasTexture" id=4]
atlas = ExtResource( 1 )
region = Rect2( 32, 32, 32, 32 )

[sub_resource type="SpriteFrames" id=5]
animations = [ {
"frames": [ SubResource( 1 ), SubResource( 2 ) ],
"loop": true,
"name": "noumbra-loop",
"speed": 5.0
}, {
"frames": [ SubResource( 3 ), SubResource( 4 ) ],
"loop": true,
"name": "umbra-loop",
"speed": 5.0
} ]

[sub_resource type="Animation" id=6]
resource_name = "looptheloop"
length = 5.0
loop = true
tracks/0/type = "value"
tracks/0/path = NodePath(".:rect_position")
tracks/0/interp = 1
tracks/0/loop_wrap = true
tracks/0/imported = false
tracks/0/enabled = true
tracks/0/keys = {
"times": PoolRealArray( 0, 5 ),
"transitions": PoolRealArray( 1, 1 ),
"update": 0,
"values": [ Vector2( 0, -360 ), Vector2( -1120, -360 ) ]
}

[sub_resource type="Animation" id=7]
resource_name = "looptheloop"
length = 5.0
loop = true
tracks/0/type = "value"
tracks/0/path = NodePath(".:rect_position")
tracks/0/interp = 1
tracks/0/loop_wrap = true
tracks/0/imported = false
tracks/0/enabled = true
tracks/0/keys = {
"times": PoolRealArray( 0, 5 ),
"transitions": PoolRealArray( 1, 1 ),
"update": 0,
"values": [ Vector2( 0, -360 ), Vector2( -1120, -360 ) ]
}

[node name="Main" type="Node2D"]

[node name="Rain" parent="." instance=ExtResource( 10 )]
show_behind_parent = true
expand = true
NOISE_INFLUENCE = 0.4
COS_SCALE = 192.0
RESPONCE_TIME = 0.3
RAIN_SPEED = 32.0

[node name="Player" type="Node2D" parent="."]
pause_mode = 2
position = Vector2( 40, 165.811 )
script = ExtResource( 7 )
INIT_SPEED = 20.0
MIN_DEATH_TIME = 0.15

[node name="AnimatedSprite" type="AnimatedSprite" parent="Player"]
pause_mode = 1
frames = SubResource( 5 )
animation = "noumbra-loop"

[node name="ParallaxBackground" type="ParallaxBackground" parent="."]

[node name="Skybox" type="ParallaxLayer" parent="ParallaxBackground"]

[node name="Visual" type="TextureRect" parent="ParallaxBackground/Skybox"]
margin_left = -1120.0
margin_top = -360.0
margin_right = 1120.0
margin_bottom = 440.0
texture = ExtResource( 4 )
stretch_mode = 2
__meta__ = {
"_edit_use_anchors_": false
}

[node name="Foreground" type="ParallaxLayer" parent="ParallaxBackground"]

[node name="Visual" type="TextureRect" parent="ParallaxBackground/Foreground"]
margin_top = -360.0
margin_right = 2240.0
margin_bottom = 440.0
texture = ExtResource( 2 )
stretch_mode = 2
__meta__ = {
"_edit_use_anchors_": false
}

[node name="AnimationPlayer" type="AnimationPlayer" parent="ParallaxBackground/Foreground/Visual"]
autoplay = "looptheloop"
anims/looptheloop = SubResource( 6 )

[node name="Ground" type="ParallaxLayer" parent="ParallaxBackground"]
position = Vector2( 8, -32 )

[node name="Visual" type="TextureRect" parent="ParallaxBackground/Ground"]
margin_top = -360.0
margin_right = 2240.0
margin_bottom = 440.0
texture = ExtResource( 3 )
stretch_mode = 2
__meta__ = {
"_edit_use_anchors_": false
}

[node name="AnimationPlayer" type="AnimationPlayer" parent="ParallaxBackground/Ground/Visual"]
autoplay = "looptheloop"
anims/looptheloop = SubResource( 7 )

[node name="Popup" type="Popup" parent="."]
visible = true
margin_right = 256.0
margin_bottom = 192.0
__meta__ = {
"_edit_use_anchors_": false
}

[node name="Label" type="Label" parent="Popup"]
margin_right = 256.0
margin_bottom = 192.0
grow_horizontal = 2
custom_fonts/font = ExtResource( 6 )
custom_colors/font_color = Color( 0.658824, 0.756863, 0.658824, 1 )
text = "Press 
[S] or [down]
to play"
align = 1
valign = 1
__meta__ = {
"_edit_use_anchors_": false
}

[node name="ScoreBoard" type="Label" parent="."]
margin_left = 144.0
margin_right = 256.0
margin_bottom = 14.0
custom_fonts/font = ExtResource( 5 )
custom_colors/font_color = Color( 0.658824, 0.756863, 0.658824, 1 )
custom_colors/font_color_shadow = Color( 0.133333, 0.137255, 0.137255, 1 )
text = "HI 00000 00000"
align = 2
__meta__ = {
"_edit_use_anchors_": false
}

[node name="Horn" type="AudioStreamPlayer" parent="ScoreBoard"]
stream = ExtResource( 9 )
volume_db = -20.0
pitch_scale = 2.0

[node name="Jukebox" type="AudioStreamPlayer" parent="."]
pause_mode = 2
stream = ExtResource( 8 )
volume_db = -30.0
autoplay = true
